% https://www.scielosp.org/article/csc/2014.v19n9/3889-3898/pt/
@article{oliveira2014avaliaccao,
  title={Avalia{\c{c}}{\~a}o da qualidade de conserva{\c{c}}{\~a}o de vacinas na Aten{\c{c}}{\~a}o Prim{\'a}ria {\`a} Sa{\'u}de},
  author={Oliveira, Val{\'e}ria Concei{\c{c}}{\~a}o de and Gallardo, Maria Del Pilar Serrano and Arc{\^e}ncio, Ricardo Alexandre and Gontijo, Tarc{\'\i}sio Laerte and Pinto, Ione Carvalho},
  journal={Ci{\^e}ncia \& Sa{\'u}de Coletiva},
  volume={19},
  pages={3889--3898},
  year={2014},
  publisher={SciELO Public Health}
}

% https://www.researchgate.net/profile/Vivek_Sharma83/publication/346356495_Challenges_of_Equitable_Vaccine_Distribution_in_the_COVID-19_Pandemic/links/5fcbc777299bf188d4f95fe7/Challenges-of-Equitable-Vaccine-Distribution-in-the-COVID-19-Pandemic.pdf
@article{baechallenges,
  title={Challenges in Equitable COVID-19 Vaccine Distribution: A Roadmap for Digital Technology Solutions},
  author={Bae, Joseph and Gandhi, Darshan and Kothari, Jil and Shankar, Sheshank and Bae, Jonah and Patwa, Parth and Sukumaran, Rohan and TV, Sethuraman and Yu, Vanessa and Misra, Krutika and others}
}

% https://www.sciencedirect.com/science/article/pii/S0264410X20307751
@article{falcon2020vaccine,
  title={A vaccine cold chain temperature monitoring study in the United Mexican States},
  author={Falc{\'o}n, Ver{\'o}nica Carri{\'o}n and Porras, Yara Ver{\'o}nica Villalobos and Altamirano, C{\'e}sar Misael G{\'o}mez and Kartoglu, Umit},
  journal={Vaccine},
  volume={38},
  number={33},
  pages={5202--5211},
  year={2020},
  publisher={Elsevier}
}

% https://www.gov.br/saude/pt-br/assuntos/noticias/saude-apresenta-relatorio-com-o-monitoramento-das-vacinas-em-desenvolvimento-contra-a-covid-19
@article{saraiva2020saude,
  title={Sa{\'u}de apresenta relat{\'o}rio com o monitoramento das vacinas em desenvolvimento contra a Covid-19},
  author={Saraiva, Thais and others},
  year={2020}
}

% https://www.sciencedirect.com/science/article/pii/S0264410X20312603
@article{ross2020application,
  title={Application of the remaining vaccine vial monitor life calculation to field temperature monitoring data to improve visibility into cold chain equipment performance},
  author={Ross, Jesse C and Saidu, Yauba and Nzuobontane, Divine and Voukings, Marius Z and Embrey, Sally R},
  journal={Vaccine},
  volume={38},
  number={48},
  pages={7683--7687},
  year={2020},
  publisher={Elsevier}
}

% https://www.lume.ufrgs.br/handle/10183/211227
@article{lopes2019monitoramento,
  title={Monitoramento remoto de temperatura para a armazenagem de materiais biol{\'o}gicos e vacinas, aplicado em pesquisa cl{\'\i}nica},
  author={Lopes Neto, Francisco Diego Negr{\~a}o},
  year={2019}
}